[
  {
    "title": "Weihenstephan H-Milch 3,5%",
    "price": "",
    "priceBasis": "",
    "regularPrice": "1,09 €",
    "regularPriceBasis": "2,18 €/l",
    "packSize": "0,5l",
    "info": "",
    "image": "https://img.rewe-static.de/2374151/24050524_digital-image.png?imwidth=152&impolicy=search",
    "barcode": "4008452033986"
  },  
  {
    "title": "Weihenstephan H-Milch 1,5%",
    "price": "1,19 €",
    "priceBasis": "1,19 €/l",
    "regularPrice": "1,69 €",
    "regularPriceBasis": "1,69 €/l",
    "packSize": "1l",
    "info": "1,5/3,5% Fett, je 1-l-Pckg",
    "image": "https://img.rewe-static.de/REWE25_2025/0677063/26243805-48_digital-image.png?impolicy=s-offers&imwidth=400",
    "barcode": "4008452027589"
  },
  {
    "title": "Weihenstephan fettarmer Joghurt mild 1,5%",
    "price": "1,09 €",
    "priceBasis": "2,98 €/kg",
    "regularPrice": "1,69 €",
    "regularPriceBasis": "3,39 €/kg",
    "packSize": "500g",
    "info": "500g | (1 kg = 2,98 €)",
    "image": "https://img.rewe-static.de/1361920/35879717_digital-image.png?imwidth=152&impolicy=kues",
    "barcode": "4008452031067"
  },
  {
    "title": "Golden Toast Vollkorn Toast",
    "price": "",
    "priceBasis": "",
    "regularPrice": "1,90 €",
    "regularPriceBasis": "3,80 €/kg",
    "packSize": "500g",
    "info": "500g | 3,80 €/kg",
    "image": "https://img.rewe-static.de/2557919/27126984_digital-image.png?imwidth=152&impolicy=search",
    "barcode": "4009249019923"
  },
  {
    "title": "Philadelphia Natur Balance",
    "price": "",
    "priceBasis": "",
    "regularPrice": "2,19 €",
    "regularPriceBasis": "12,51 €/kg",
    "packSize": "180g",
    "info": "180g | 12,51 €/kg",
    "image": "https://img.rewe-static.de/0575050/1246290_digital-image.png?imwidth=152&impolicy=kues",
    "barcode": "7622300318147"
  },   
  {
    "title": "Weihenstephan Die Streichzarte ungesalzen",
    "price": "",
    "priceBasis": "",
    "regularPrice": "3,59",
    "regularPriceBasis": "14,36 €/kg",
    "packSize": "250g",
    "info": "250g | 14,36 €/kg)",
    "image": "https://img.rewe-static.de/3195835/37535537_digital-image.png?imwidth=152&impolicy=kues",
    "barcode": "0048490036130"
  },
  {
    "title": "De Cecco Gnocchi",
    "price": "2,00 €",
    "priceBasis": "4,00 €/kg",
    "regularPrice": "2,49 €",
    "regularPriceBasis": "4,98 €/kg",
    "packSize": "500g",
    "info": "500g | 4,98 €/kg",
    "image": "https://img.rewe-static.de/5273625/1562650_digital-image.png?imwidth=152&impolicy=kues",
    "barcode": "8001250120465"
  }, 
  {
    "title": "Bergader Bavaria Blu Der Würzige",
    "price": "2,39 €",
    "priceBasis": "9,56 €/kg",
    "regularPrice": "3,39 €",
    "regularPriceBasis": "19,36 €/kg",
    "packSize": "180g",
    "info": "180g | 19,36 €/kg",
    "image": "https://img.rewe-static.de/0715552/5898260_digital-image.png?imwidth=152&impolicy=search",
    "barcode": "4006402020413"
  },   
  {
    "title": "Birkel Muscheln",
    "price": "",
    "priceBasis": "",
    "regularPrice": "1,49 €",
    "regularPriceBasis": "5,96 €/kg",
    "packSize": "250g",
    "info": "250g | 5,96 €/kg",
    "image": "https://img.rewe-static.de/4758625/23180223_digital-image.png?imwidth=152&impolicy=kues",
    "barcode": "4002676210611"
  },     
  {
    "title": "Davert Bio Jasmin-Reis Weiß",
    "price": "2,49 €",
    "priceBasis": "4,98 €/kg",
    "regularPrice": "3,29 €",
    "regularPriceBasis": "6,58 €/kg",
    "packSize": "500g",
    "info": "500g | 6,58 €/kg",
    "image": "https://img.rewe-static.de/8752184/24762958_digital-image.png?imwidth=152&impolicy=kues",
    "barcode": "4019339233122"
  },   
  {
    "title": "ALB-GOLD Bio Mie-Nudeln mit Ei",
    "price": "1,45 €",
    "priceBasis": "5,80 €/kg",
    "regularPrice": "2,09 €",
    "regularPriceBasis": "8,36 €/kg",
    "packSize": "250g",
    "info": "250g | 8,36 €/kg",
    "image": "https://img.rewe-static.de/1374722/47033177_digital-image.png?imwidth=152&impolicy=search",
    "barcode": "4018722305736"
  },      
  {
    "title": "Snickers Ice Cream",
    "price": "2,22 €",
    "priceBasis": "8,88 €/l",
    "regularPrice": "2,82 €",
    "regularPriceBasis": "11,28 €/l",
    "packSize": "251,5ml",
    "info": "je 251,5-ml-Pckg | (1 l = 8,88)",
    "image": "https://img.rewe-static.de/KLEIN24_2025/7700736/39052859-127_digital-image.png?impolicy=s-offers&imwidth=200",
    "barcode": "5000159548496"
  },
  {
    "title": "Langnese Cremissimo Nuss Vanille Schoko",
    "price": "1,88 €",
    "priceBasis": "1,88 €/l",
    "regularPrice": "3,69 €",
    "regularPriceBasis": "3,69 €/l",
    "packSize": "1000ml",
    "info": "je 1000-ml-Becher",
    "image": "https://img.rewe-static.de/REWE_DORTMUND25_2025/9899402/48592665-13_digital-image.png?impolicy=s-offers&imwidth=400",
    "barcode": "8711327668836"
  },
  {
    "title": "Ehrmann Grand Dessert",
    "price": "0,49 €",
    "priceBasis": "2,58 €/kg",
    "regularPrice": "1,09 €",
    "regularPriceBasis": "5,69 €/kg",
    "packSize": "190g",
    "info": "versch. Sorten, je 190-g-Becher, (1kg = 5,69)",
    "image": "https://img.rewe-static.de/REWE25_2025/7182494/27436675-28_digital-image.png?impolicy=s-offers&imwidth=400",
    "barcode": "4002971234107"
  },
  {
    "title": "Bauer Der Große Bauer",
    "price": "0,49 €",
    "priceBasis": "2,18 €/kg",
    "regularPrice": "0,99 €",
    "regularPriceBasis": "4,40 €/kg",
    "packSize": "225g",
    "info": "Stracciatella | je 225-g-Becher | (1kg = 2,18)",
    "image": "https://img.rewe-static.de/KLEIN24_2025/9067453/42797172-12_digital-image.png?impolicy=s-offers&imwidth=200",
    "barcode": "4002334113247"
  },
  {
    "title": "Auer Vanille Eiswaffeln",
    "price": "1,49 €",
    "priceBasis": "6,21 €/kg",
    "regularPrice": "1,99 €",
    "regularPriceBasis": "8,29 €/kg",
    "packSize": "240g",
    "info": "je 240-g-Pckg, (1kg = 6,21)",
    "image": "https://img.rewe-static.de/REWE25_2025/9876313/48407843-14_digital-image.png?impolicy=s-offers&imwidth=400",
    "barcode": "9001486014209"
  },
  {
    "title": "Sun Rice Orig. Choviva",
    "price": "2,00 €",
    "priceBasis": "8,00 €/kg",
    "regularPrice": "2,99 €",
    "regularPriceBasis": "11,96 €/kg",
    "packSize": "250g",
    "info": "je 250-g-Pckg, (1kg = 8,00)",
    "image": "https://img.rewe-static.de/KLEIN24_2025/9608767/49502819-7_digital-image.png?impolicy=s-offers&imwidth=400",
    "barcode": "4008601001019"
  },
  {
    "title": "Bahlsen Comtess Kuchen",
    "price": "1,69 €",
    "priceBasis": "5,11 €/kg",
    "regularPrice": "2,09 €",
    "regularPriceBasis": "5,98 €/kg",
    "packSize": "350g",
    "info": "versch. Sorten, je 350-g-Pckg, (1 kg = 5,11)",
    "image": "https://img.rewe-static.de/REWE_DORTMUND25_2025/1916296/24413785-10_digital-image.png?impolicy=s-offers&imwidth=400",
    "barcode": "4017100450518"
  },
  {
    "title": "Aprikosen",
    "price": "4,44 €",
    "priceBasis": "4,44 €/kg",
    "regularPrice": "6,44 €",
    "regularPriceBasis": "6,44 €/kg",
    "packSize": "",
    "info": "Kl. I | je 1 kg",
    "image": "https://img.rewe-static.de/KLEIN24_2025/2632900/27078502-5_digital-image.png?impolicy=s-offers&imwidth=200",
    "barcode": "kein Barcode vorhanden"
  },
  {
    "title": "Frischer Mais",
    "price": "1,99 €",
    "priceBasis": "",
    "regularPrice": "2,99 €",
    "regularPriceBasis": "",
    "packSize": "2 Stück",
    "info": "je 2-St.-Pckg",
    "image": "https://img.rewe-static.de/KLEIN24_2025/9911756/27954433-5_digital-image.png?impolicy=s-offers&imwidth=200",
    "barcode": "kein Barcode vorhanden"
  },
  {
    "title": "Tafeltrauben",
    "price": "1,99 €",
    "priceBasis": "3,98 €/kg",
    "regularPrice": "4,00 €",
    "regularPriceBasis": "8,00 €/kg",
    "packSize": "500g",
    "info": "Kl. I, je 500-g-Schale, (1 kg = 3,98)",
    "image": "https://img.rewe-static.de/REWE25_2025/0377024/8006870-16_digital-image.png?impolicy=s-offers&imwidth=400",
    "barcode": "kein Barcode vorhanden"
  }
]
